@book{acdc2018,
  author         = {Steve Roberts},
  publisher      = {RECOM Enginnering GmbH and Co.KG},
  title          = {AC/DC BOOK OF KNOWLEDGE},
  year           = {2018}
}
@article{rectifier2023,
  title           = {Difference between Half Wave and Full Wave Rectifier},
  author          = {Manish Kumar Saini},
  year            = {2023},
  url             = {https://www.tutorialspoint.com/difference-between-half-wave-and-full-wave-rectifier}
}
@article{pid2015,
  title           = {Review of Control Techniques of Three phase Boost Type PWM Rectifiers},
  author          = {Harshada C.B.},
  journal         = {International Journal of Science and Research (IJSR)},
  pages           = {1-7},
  year            = {2015},
  url             = {https://www.ijsr.net/archive/v5i12/ART20163371.pdf}
}
@article{lcl2012,
  title           = {LCL Filter Design and Performance Analysis for Small Wind Turbine Systems},
  author          = {A. Reznik, M.Godoy Sim√µes, Ahmed Al-Durra and S. M. Muyeen},
  pages           = {1-8},
  year            = {2012}
  }
@video{lcl2020,
  author          = {T. Simulator},
  title           = {Design of LCL Filter for 3 phase grid connected inverter},
  year            = {2020},
  url             = {https://www.ijsr.net/archive/v5i12/ART20163371.pdf},
}
@article{lcl2010,
  title           = {LCL-filter Design for Grid-Connected PCS Using Total Harmonic Distortion and Ripple Attenuation Factor},
  author          = {in-Young Park, Min-Hun Chi, Jong-Hyoung Park, Heung-Geun Kim, Tae-Won Chun and Eui-Cheol Nho},
  year            = {2010}
}
@article{lcl2014,
  title           = {LCL filter design for photovoltaic grid connected systems},
  author          = {A.E.W.H. Kahlane, L. Hassaine and M. Kherchi},
  year            = {2014}
}
