@book{acdc2018,
  author         = {Steve Roberts},
  publisher      = {RECOM Enginnering GmbH and Co.KG},
  title          = {AC/DC BOOK OF KNOWLEDGE},
  year           = {2018}
}
@MISC{rectifier2023,
   author        = {Manish Kumar Saini},
   title         = {Difference between Half Wave and Full Wave Rectifier},
   editor        = {tutorialspoint.com},
   year          = {2023},
   url           = {https://www.tutorialspoint.com/difference-between-half-wave-and-full-wave-rectifier},
   note          = {[Online; posted 31-October-2023]},
 }
@inproceedings{pid2015,
  title          = {Review of Control Techniques of Three phase Boost Type PWM Rectifiers},
  author         = {Harshada},
  year           = {2016},
  url            = {https://api.semanticscholar.org/CorpusID:45536365}
}
@INPROCEEDINGS{lcl2012,
  author         = {Reznik, A. and Sim√µes, M. Godoy and Al-Durra, Ahmed and Muyeen, S. M.},
  booktitle      = {2012 IEEE Power Electronics and Machines in Wind Applications}, 
  title          = {LCL filter design and performance analysis for small wind turbine systems}, 
  year           = {2012},
  volume         = {},
  number         = {},
  pages          = {1-7},
  keywords       = {Power harmonic filters;Inverters;Active filters;Capacitors;Wind turbines;Mathematical model;Harmonic analysis;Filter;harmonics;inverter;power quality;pulsewidth-modulated(PWM) inverters},
  doi            = {10.1109/PEMWA.2012.6316408}
}
@misc{lcl2020,
  author         = {T. Simulator},
  title          = {Design of LCL Filter for 3 phase grid connected inverter},
  year           = {2020},
  url            = {https://www.ijsr.net/archive/v5i12/ART20163371.pdf},
}
@INPROCEEDINGS{lcl2010,
  author         = {Park, Min-Young and Chi, Min-Hun and Park, Jong-Hyoung and Kim, Heung-Geun and Chun, Tae-Won and Nho, Em-Cheol},
  booktitle      = {The 2010 International Power Electronics Conference - ECCE ASIA -}, 
  title          = {LCL-filter design for grid-connected PCS using total harmonic distortion and ripple attenuation factor}, 
  year           = {2010},
  volume         = {},
  number         = {},
  pages          = {1688-1694},
  keywords       = {Personal communication networks;Total harmonic distortion;Attenuation;Low pass filters;Power harmonic filters;Pulse width modulation;Pulse width modulation inverters;Design methodology;Voltage;Inductors;LCL-filter design;grid-connected inverter;total harmonic distortion;ripple attenuation factor},
  doi            = {10.1109/IPEC.2010.5542131}
}
@inproceedings{lcl2014,
  title          = {LCL filter design for photovoltaic grid connected systems},
  author         = {A. E. W. H. Kahlane and Linda Hassaine and M. Kherchi},
  year           = {2015},
  url            = {https://api.semanticscholar.org/CorpusID:41485408}
}
@article{pll2016,
author           = {Evren Isen and Ahmet Faruk Bakan},
title            = {Development of 10 kW Three-Phase Grid Connected Inverter},
journal          = {Automatika},
volume           = {57},
number           = {2},
pages            = {319-328},
year             = {2016},
publisher        = {Taylor & Francis},
doi              = {10.7305/automatika.2016.10.1081},
URL              = {https://doi.org/10.7305/automatika.2016.10.1081},
eprint           = {https://doi.org/10.7305/automatika.2016.10.1081}
}
@MISC{acdc2023,
   author        = {Saumitra Jagdale},
   title         = {Overview of AC/DC Converters for Fast-Charging Stations},
   editor        = {powerelectronicsnews.com},
   year          = {2023},
   url           = {https://www.powerelectronicsnews.com/overview-of-ac-dc-converters-for-fast-charging-stations/#:~:text=Significance%20of%20AC%2FDC%20converters,AC%20power%20to%20DC%20power.},
   note          = {[Online; posted 09-March-2023]},
}
